<?xml version="1.0" encoding="UTF-8"?><record xmlns="http://www.loc.gov/MARC21/slim" xmlns:cinclude="http://apache.org/cocoon/include/1.0" xmlns:zs="http://www.loc.gov/zing/srw/">
  <leader>00456nz  a2200133n  4500</leader>
  <controlfield tag="001">n  83011529 </controlfield>
  <controlfield tag="003">DLC</controlfield>
  <controlfield tag="005">19841121120635.4</controlfield>
  <controlfield tag="008">830223n| acannaab|          |n aaa |||  </controlfield>
  <datafield tag="010" ind1=" " ind2=" ">
    <subfield code="a">n  83011529 </subfield>
  </datafield>
  <datafield tag="040" ind1=" " ind2=" ">
    <subfield code="a">DLC</subfield>
    <subfield code="c">DLC</subfield>
    <subfield code="d">DLC</subfield>
  </datafield>
  <datafield tag="100" ind1="1" ind2="0">
    <subfield code="a">Pelissier, Denise,</subfield>
    <subfield code="d">1950-</subfield>
  </datafield>
  <datafield tag="670" ind1=" " ind2=" ">
    <subfield code="a">Her Répertoire numérique détaillé du fonds de l'Ecole ménagère provinciale (E81), 1979:</subfield>
    <subfield code="b">t.p. (Denise Pelissier)</subfield>
  </datafield>
  <datafield tag="670" ind1=" " ind2=" ">
    <subfield code="a">NLC 6-22-84</subfield>
    <subfield code="b">(AACR 2: Pelissier, Denise, 1950- )</subfield>
  </datafield>
</record>